@article{Shannon:1948,
    title   = {A Mathematical Theory of Communication},
    author  = {Shannon, C. E.},
    journal = {Bell System Technical Journal},
    volume  = {27},
    number  = {3},
    pages   = {379--423},
    doi     = {10.1002/j.1538-7305.1948.tb01338.x},
    year    = {1948}
}

@article{Turing:1937,
    title   = {On Computable Numbers, with an Application to the Entscheidungsproblem},
    author  = {Turing, A. M.},
    journal = {Proceedings of the London Mathematical Society},
    volume  = {s2-42},
    number  = {1},
    pages   = {230--265},
    doi     = {10.1112/plms/s2-42.1.230},
    year    = {1937}
}
